@misc{pasco,
author = {{PASCO Scientific}},
title = {{Instruction Manual and Experiment Guide for the PASCO scientific Model TD-8553/8554A/8555}},
year = {03.1999},
url = {https://data2.manualslib.com/pdf7/149/14829/1482828-pasco_scientific/td8553.pdf?85c389dfc7606e6be629a27e5babd68d},
}

@misc{britannica,
 author = {Britannica},
 editor = {{T. Editors of Encyclopaedia}},
 title = {"thermal radiation." Encyclopedia Britannica},
 url = {https://www.britannica.com/science/thermal-radiation.},
year ={08.10.2022}
}

@misc{wheatstone_fig,
author = {Rhdv},
title = {Wheatstone's bridge circuit diagram},
year = {October 2007},
url = {https://commons.wikimedia.org/wiki/File:Wheatstonebridge.svg}
}